@BOOK{Pravidla,
	author =       "{Kolektiv autorů}",
	title =        "Pravidla českého pravopisu",
	publisher =    "Academia",
	year =         "2005",
	note =         "ISBN~80-200-1327-X",
}   

@MISC{fitWeb,
	author =       "Z. Rábová and P. Hanáček and P. Peringer and P. Přikryl and B. Křena",  
	title =        "Užitečné rady pro psaní odborného textu [online]",
	publisher =    "FIT VUT v Brně",
	year =         "2008-11-01 [cit. 2008-11-28]",
	howpublished=  "{\tt http://www.fit.vutbr.cz/info/statnice/psani\_textu.html}",
}
